<?xml version="1.0" encoding="UTF-8"?><collection xmlns="http://www.loc.gov/MARC21/slim"><record><leader>00379nam--2200133-i-4500</leader><controlfield tag="001">000040455</controlfield><controlfield tag="002">20161230</controlfield><controlfield tag="005">20161230201042</controlfield><controlfield tag="008">060222s1000------------r-----000-0-eng-d</controlfield><datafield ind1=" " ind2=" " tag="080"><subfield code="a">621.391</subfield></datafield><datafield ind1=" " ind2=" " tag="100"><subfield code="a">Ryan, Robert D.And Meyer, Yves</subfield></datafield><datafield ind1=" " ind2=" " tag="245"><subfield code="a">Wavelets. algorithms and applications</subfield></datafield><datafield ind1=" " ind2=" " tag="260"><subfield code="a">Philadelphia, Industrial And Applied Philadelphia, 1993, Xi + 113p</subfield></datafield><datafield ind1=" " ind2=" " tag="852"><subfield code="a">80796</subfield></datafield></record></collection>